@TECHREPORT{Tassey2002,
  title={The Economic Impacts of Inadequate Infrastructure for Software Testing},
  author={Tassey, Gregory},
  institution = {National Institute of Standards and Technology},
  year={2002}
}

@inproceedings{baziuk1995bnr,
  title={BNR/NORTEL: path to improve product quality, reliability and customer satisfaction},
  author={Baziuk, Walter},
  booktitle={Software Reliability Engineering, 1995. Proceedings., Sixth International Symposium on},
  pages={256--262},
  year={1995},
  organization={IEEE}
}

@TECHREPORT{willis1998hughes,
  title={Hughes aircraftâ€™s widespread deployment of a continuously improving software process},
  author={Willis, Ron R and Rova, Robert M and Scott, Mike D and Johnson, Martha J and Ryskowski, John F and Moon, Jane A and Winfield, Thomas O and Shumate, Ken C},
  institution = {Carnegie Mellon University - Software Engineering Institute},
  year={1998}
}

@article{karg2011systematic,
  title={A systematic literature review of software quality cost research},
  author={Karg, Lars M and Grottke, Michael and Beckhaus, Arne},
  journal={Journal of Systems and Software},
  volume={84},
  number={3},
  pages={415--427},
  year={2011}
}


@book{mead2004software,
  title={Software Security Engineering: A Guide for Project Managers},
  author={Mead, Nancy R and Allen, Julia H and Barnum, Sean and Ellison, Robert J and McGraw, Gary},
  year={2004},
  publisher={Addison-Wesley Professional}
}


@misc{IfSQ2013,
    author = {IfSQ},
    title = {Catching defects during testing is 10 times more expensive},
    howpublished={https://goo.gl/dXIwu4},
    year={2013}
}

@misc{Soni2016,
    author = {Soni, Mukesh},
    title = {Defect Prevention: Reducing Costs and Enhancing Quality},
    howpublished={https://goo.gl/k2cBnW},
    year={2016}
}

@misc{Parker2013,
    author = {Parker, John},
    title = {Good Requirements Deliver a High ROI},
    howpublished={http://goo.gl/JvB9BW},
    year={2013}
}

@misc{Gordon2016,
    author = {Gordon, Peter},
    title = {The Cost of Requirements Errors},
    howpublished={https://goo.gl/HSMQtP},
    year={2016}
}

@misc{Leffingwell96,
    author = {Leffingwell, Dead},
    title = {Calculating Your Return on Investment form More Effective Requirements Management},
    howpublished={http://goo.gl/3WHsla},
    note={Rational Software Corporation},
    year={1996}
}




@article{mcconnell1996software,
  title={Software quality at top speed},
  author={McConnell, Steve},
  journal={Software Development},
  volume={4},
  number={8},
  pages={38--42},
  year={1996}
}

@book{pressman2005software,
  title={Software engineering: a practitioner's approach},
  author={Pressman, Roger S},
  year={2005},
  publisher={Palgrave Macmillan}
}

@INCOLLECTION {boehm2012,
    author    = "Barry W. Boehm",
    title     = "Architecting: How Much and When",
    booktitle = "Making Software: What Really Works, and Why We Believe It",
    publisher = "O'Reilly",
    year      = "2012",
    editor    = "Andy Oram and Greg Wilson",
    pages     = "161-186"
}

@inproceedings{wohlin2014guidelines,
  title={Guidelines for snowballing in systematic literature studies and a replication in software engineering},
  author={Wohlin, Claes},
  booktitle={Proceedings of the 18th International Conference on Evaluation and Assessment in Software Engineering},
  pages={Article 38},
  year={2014}
}

@article{harter2012does,
  title={Does software process improvement reduce the severity of defects? A longitudinal field study},
  author={Harter, Donald E and Kemerer, Chris F and Slaughter, Sandra A},
  journal={Software Engineering, IEEE Transactions on},
  volume={38},
  number={4},
  pages={810--827},
  year={2012},
  publisher={IEEE}
}

@book{deming1986out,
  title={Out of the crisis},
  author={Deming, W Edwards},
  journal={Center for advanced engineering study, Cambridge, MA},
  publisher={MIT Press},
  year={1986}
}

@misc{Beck2001a,
author = {Beck, K and Beedle, M and van Bennekum, A and Cockburn, A and Cunningham, W and Fowler, M and Grenning, J and Highsmith, J and Hunt, A and Jeffries, R and Kern, J and Marick, B and Martin, R C and Mallor, S and Schwaber, K and Sutherland, J and Thomas, D},
title = {{The Agile Manifesto}},
howpublished = {http://www.agilemanifesto.org},
year = {2001}
}

@misc{Rothman2002,
    author = {Rothman, Johanna},
    title = {What Does It Cost You To Fix A Defect},
    howpublished={https://goo.gl/hIccoC},
    year={2002}
}

@misc{Rothman2000,
    author = {Rothman, Johanna},
    title = {What Does It Cost You To Fix A Defect? And Why Should You Care?},
    howpublished={https://goo.gl/hIccoC},
    year={2000}
}

@misc{Cigital2003,
    author = {Cigital},
    title = {Case Study: Finding Defects Earlier Yields Enormous Savings},
    howpublished={http://goo.gl/OQlyNi},
    year={2003}
}


@misc{McGibbon2007,
    author = {McGibbon, Thomas},
    title = {Return on Investment from Software Process Improvement},
    howpublished={https://goo.gl/MJIJZ3},
    year={2007}
}

@misc{Pavlina2000,
    author = {Pavlina, Steve},
    title = {Zero-Defect Software Development},
    howpublished={https://goo.gl/pZJVAX},
    year={2000}
}

@article{mittas13,
  author =	{Nikolaos Mittas and Lefteris Angelis},
  title =	{Ranking and Clustering Software Cost Estimation
                  Models through a Multiple Comparisons Algorithm},
  journal =	{IEEE Trans. Software Eng.},
  volume =	39,
  number =	4,
  year =	2013,
  pages =	{537-551},
}


@INPROCEEDINGS{arcuri11,
author={Arcuri, A. and Briand, L.}, 
booktitle={ICSE'11},
title={A practical guide for using statistical tests to assess randomized algorithms in software engineering}, 
year={2011}, 
pages={1-10}}


@inproceedings{Kocaguneli2013:ep,
author = {Kocaguneli, Ekrem and Zimmermann, Thomas and Bird, Christian and Nagappan, Nachiappan and Menzies, Tim},
booktitle = {Proceedings - International Conference on Software Engineering},
doi = {10.1109/ICSE.2013.6606637},
isbn = {9781467330763},
issn = {02705257},
pages = {882--890},
title = {{Distributed development considered harmful?}},
year = {2013}
}

@article{kampenes07,
  author =	 {Vigdis By Kampenes and Tore Dyb{\aa} and Jo Erskine
                  Hannay and Dag I. K. Sj{\o}berg},
  title =	 {A systematic review of effect size in software
                  engineering experiments},
  journal =	 {Information {\&} Software Technology},
  volume =	 49,
  number =	 {11-12},
  year =	 2007,
  pages =	 {1073-1086},
}

@article{shepperd12a,
  author =	 {Martin J. Shepperd and Steven G. MacDonell},
  title =	 {Evaluating prediction systems in software project
                  estimation},
  journal =	 {Information {\&} Software Technology},
  volume =	 54,
  number =	 8,
  year =	 2012,
  pages =	 {820-827},
}


@book{efron93,
  author =	"Efron, Bradley and Tibshirani, Robert J",
  title =	"An introduction to the bootstrap",
  publisher =	"Chapman and Hall",
  address =	"London",
  series =	"Mono. Stat. Appl. Probab.",
  year =	1993,
}


@book{jacobson1999unified,
  title={The unified software development process},
  author={Jacobson, Ivar and Booch, Grady and Rumbaugh, James},
  year={1999},
  publisher={Addison-Wesley Reading}
}

@inproceedings{ghotra2015icse,
  Author = {Baljinder Ghotra and Shane McIntosh and Ahmed E. Hassan},
  Title = {{Revisiting the Impact of Classification Techniques on the Performance of Defect Prediction Models}},
  Year = {2015},
  Booktitle = {Proc. of the International Conference on Software Engineering (ICSE)},
  Pages = {789-800}
}

@article{larman2003iterative,
  title={Iterative and incremental development: A brief history},
  author={Larman, Craig and Basili, Victor R},
  journal={Computer},
  volume={36},
  number={6},
  pages={47--56},
  year={2003},
  publisher={IEEE}
}

@book{humphrey1995discipline,
  title={A discipline for software engineering},
  author={Humphrey, Watts S},
  year={1995},
  publisher={Addison-Wesley Longman Publishing Co., Inc.}
}

@article{boehm1988spiral,
  title={A spiral model of software development and enhancement},
  author={Boehm, Barry W},
  journal={Computer},
  volume={21},
  number={5},
  pages={61--72},
  year={1988},
  publisher={IEEE}
}

@misc{Facebook,
  author = {Paul, Ryan},
  title = {Exclusive: a behind-the-scenes look at Facebook release engineering},
  howpublished = {\url{http://arstechnica.com/business/2012/04/exclusive-a-behind-the-scenes-look-at-facebook-release-engineering/1/}},
  publisher = {Ars Technica},
  note = {Accessed: 2016-06-14}
}
    


@book{cook1979,
  title={Quasi-experimentation: Design \& analysis issues for field settings},
  author={Cook, Thomas D and Campbell, Donald Thomas},
  year={1979},
  publisher={Houghton Mifflin Boston}
}

@book{wohlin2012,
  title={Experimentation in software engineering},
  author={Wohlin, Claes and Runeson, Per and H{\"o}st, Martin and Ohlsson, Magnus C and Regnell, Bj{\"o}rn and Wessl{\'e}n, Anders},
  year={2012},
  publisher={Springer Science \& Business Media}
}

@article{carlson2009,
  title={Study design, precision, and validity in observational studies},
  author={Carlson, Melissa DA and Morrison, R Sean},
  journal={Journal of palliative medicine},
  volume={12},
  number={1},
  pages={77--82},
  year={2009}
}

@article{madigan2014,
  title={A systematic statistical approach to evaluating evidence from observational studies},
  author={Madigan, David and Stang, Paul E and Berlin, Jesse A and Schuemie, Martijn and Overhage, J Marc and Suchard, Marc A and Dumouchel, Bill and Hartzema, Abraham G and Ryan, Patrick B},
  journal={Annual Review of Statistics and Its Application},
  volume={1},
  pages={11--39},
  year={2014}
}


@book{maxwelldata,
address = {Englewood Cliffs, NJ},
author = {Maxwell, K D},
publisher = {Prentice-Hall},
title = {{Applied Statistics for Software Managers}},
year = {2002}
}



@inproceedings{beller15,
title="How (Much) Do Developers Test?",
authors="Moritz Beller and  Georgios Gousios and Andy Zaidman",
year =2015,
booktitle="New Ideas and Emerging Results, ICSE'15"
}

@misc{kim13,
year =2013,
title="Making Agile mandatory at the Department of Defense",
author="Don Kim",
notes="Available from http://goo.gl/7bgixs"
}

@book{Humphrey:2005,
 author = {Humphrey, Watts S.},
 title = {TSP(SM)-Leading a Development Team (SEI Series in Software Engineering)},
 year = {2005},
 isbn = {0321349628},
 publisher = {Addison-Wesley Professional},
} 

@ARTICLE{Bachmann13, 
author={Bachmann, Felix H. and Carballo, Luis and McHale, James and Nord, Robert L.}, 
journal={Software, IEEE}, 
title={Integrate End to End Early and Often}, 
year={2013}, 
month={July}, 
volume={30}, 
number={4}, 
pages={9-14}, 
keywords={software architecture;end-to-end software integration;software architecture;software development project;Aging;Computer architecture;Prototypes;Software development;Software engineering;Software quality;Software testing;architecture-centric engineering;incremental iterative development;integration;software architecture;software process;team software process}, 
doi={10.1109/MS.2013.77}, 
ISSN={0740-7459},}


@inproceedings{theisen2015,
  title={Approximating attack surfaces with stack traces},
  author={Theisen, Christopher and Herzig, Kim and Morrison, Patrick and Murphy, Brendan and Williams, Laurie},
  booktitle={Proceedings of the 37th International Conference on Software Engineering-Volume 2},
  pages={199--208},
  year={2015}
}

@misc{wayner15,
author="Peter Wayner",
year=2015,
title="MEAN vs. LAMP for the future of programming",
notes="Available from http://goo.gl/0X2qHD"
}


@inproceedings{steck04,
title="Error Cost Escalation Through the Project Life Cycle",
year =2004,
author={Stecklein, Jonette and	
Dabney, Jim	 and
Dick, Brandon and
Haskins, Bil and
Lovell, Randy and 
Moroney, Gregory},
notes= "Available from http://ntrs.nasa.gov/search.jsp?R=20100036670",
booktitle="14th Annual INCOSE International Symposium; 19-24 Jun. 2004; Toulouse; France"
}

@misc{bright15,
  howpublished = {\url{http://goo.gl/LOM1NJ/}},
  author="Peter Bright",
  title="What Windows as a Service and 
         a 'free upgrade' mean at home and at work",
  year=2015
  }

@inproceedings{shirai14,
 author = {Shirai, Yasutaka and Nichols, William and Kasunic, Mark},
 title = {Initial Evaluation of Data Quality in a TSP Software Engineering Project Data Repository},
 booktitle = {Proceedings of the 2014 International Conference on Software and System Process},
 series = {ICSSP 2014},
 year = {2014},
 isbn = {978-1-4503-2754-1},
 location = {Nanjing, China},
 pages = {25--29},
 numpages = {5},
 url = {http://doi.acm.org/10.1145/2600821.2600841},
 doi = {10.1145/2600821.2600841},
 acmid = {2600841},
 publisher = {ACM},
 address = {New York, NY, USA},
 keywords = {Data Quality, Database, TSP, Team Software Process},
}

@inProceedings{me05a,
  author =	 {Tim Menzies and Zhihao Chen and Dan Port and Jairus
                  Hihn},
  title =	 {Simple Software Cost Estimation: Safe or Unsafe?},
  booktitle =	 {Proceedings, PROMISE workshop, ICSE 2005},
  year =	 2005,
  note =	 {Available from
                  \url{http://menzies.us/pdf/05safewhen.pdf}},
  class =	 "hW"
}

@article{me08a,
  author =	 "Tim Menzies and Markland Benson and Ken Costello and
                  Christina Moats and Michelle Northey and Julian
                  Richarson ",
  title =	 "Learning Better {IV\&V} Practices",
  journal =	 "Innovations in Systems and Software Engineering",
  month =	 "March",
  year =	 2008,
  note =	 "Available from
                  \url{http://menzies.us/pdf/07ivv.pdf}",
  class =	 "hJ"
}

@inproceedings{ostrand10,
  author =	 {Ostrand, Thomas J. and Weyuker, Elaine J. and Bell,
                  Robert M.},
  title =	 {Programmer-based fault prediction},
  booktitle =	 {Proceedings of the 6th International Conference on
                  Predictive Models in Software Engineering},
  series =	 {PROMISE '10},
  year =	 2010,
  location =	 {Timiroara, Romania},
  pages =	 {19:1--19:10},
}
@article{weyeuker08,
  title =	 "Do too many cooks spoil the broth? Using the number
                  of developers to enhance defect prediction models",
  author =	 "E.J. Weyuker and T. Ostrand and R.M. Bell",
  journal =	 "Empirical Software Engineering",
  month =	 "October",
  year =	 2008
}

@INPROCEEDINGS{azhar13, 
author={Azhar, D. and Riddle, P. and Mendes, E. and Mittas, N. and Angelis, L.}, 
booktitle={Empirical Software Engineering and Measurement, 2013 ACM / IEEE International Symposium on}, 
title={Using Ensembles for Web Effort Estimation}, 
year={2013}, 
month={Oct}, 
pages={173-182},  
doi={10.1109/ESEM.2013.25}, 
ISSN={1938-6451},}

@inproceedings{posnett11,
  author =	 "Daryl Posnett and Vladimir Filkov and Premkumar Devanbu",
  title =	 "Ecological Inference in Empirical Software
                  Engineering",
  booktitle =	 "Proceedings of ASE'11",
  year =	 2011
}
@article{kocaguneli2012value,
  title={On the value of ensemble effort estimation},
  author={Kocaguneli, Ekrem and Menzies, Tim and Keung, Jacky W},
  journal={Software Engineering, IEEE Transactions on},
  volume={38},
  number={6},
  pages={1403--1416},
  year={2012},
  publisher={IEEE}
}


@inproceedings{Guo2010,
  author =	 {Guo, PJ and Zimmermann, T and Nagappan, N},
  booktitle =	 {Proceedings of the 32nd International Conference on
                  Software Engineering},
  pages =	 {495--504},
  title =	 {{Characterizing and predicting which bugs get fixed:
                  An empirical study of microsoft windows}},
  url =		 {http://portal.acm.org/citation.cfm?id=1806871},
  year =	 2010
}


@article{rombach11,
  title =	 "Empirical Software Engineering Models: Can They
                  Become the Equivalent of Physical Laws in
                  Traditional Engineering?",
  author =	 "D. Rombach",
  year =	 2011,
  volume =	 5,
  issue =	 3,
  journal =	 "Int. J. Software Informatics"
}


@ARTICLE{jorgensen09,
  author =	 {J{\o}rgensen, Magne and Gruschke, Tanja M.},
  journal =	 {Software Engineering, IEEE Transactions on},
  title =	 {The Impact of Lessons-Learned Sessions on Effort
                  Estimation and Uncertainty Assessments},
  year =	 2009,
  month =	 {May-June },
  volume =	 35,
  number =	 3,
  pages =	 {368 -383},
}

@book{endres03,
  title =	 "A Handbook of Software and Systems Engineering:
                  Empirical Observations, Laws and Theories",
  author =	 "Albert Endres and Dieter Rombach",
  publisher =	 "Addison Wesley",
  year =	 2003
}

@Book{boehm00b,
  Author =	 "Barry Boehm and Ellis Horowitz and Ray Madachy and
                  Donald Reifer and Bradford K. Clark and Bert Steece
                  and A. Winsor Brown and Sunita Chulani and Chris
                  Abts",
  Title =	 "Software Cost Estimation with Cocomo II",
  Publisher =	 "Prentice Hall",
  Year =	 2000,
  ibsn =	 0130266922,
}

@article{mchale02,
 journal="Crosstalk",
  title="TSP: Process Costs and Benefits", 
  author="James McHale",
  month="September",
  year=2002
  }


@inproceedings{ray2014lang, 
   title={A Large Scale Study of Programming Languages and Code Quality in Github}, 
   author={Ray, Baishakhi and Posnett, Daryl and Filkov, Vladimir and Devanbu, Premkumar}, 
   booktitle={Proceedings of the ACM SIGSOFT 22nd International Symposium on the 
             Foundations of Software Engineering}, 
   series = {FSE '14}, 
   year={2014}, 
   organization={ACM} 
}
@Book{jones07,
  Author =	 "Capers Jones",
  Title =	 "Estimating Software Costs, 2nd Edition",
  Publisher =	 "McGraw-Hill",
  Year =	 2007
}

@misc{1012,
  author =	 "IEEE-1012",
  title =	 "{IEEE} Standard 1012-2004 for Software Verification
                  and Validation ",
  year =	 1998
}
 
 
@inproceedings{budgen09,
  title =	 "Is Evidence Based Software Engineering mature enough
                  for Practice \& Policy?",
  author =	 "David Budgen and Pearl Brereton and Barbara Kitchenham",
  year =	 2009,
  booktitle =	 "33rd Annual IEEE Software Engineering Workshop 2009
                  (SEW-33), Skovde, Sweden",
}
@inproceedings{kitch04,
  author =	 {Kitchenham, Barbara A. and Dyba, Tore and
                  J{\o}rgensen, Magne},
  title =	 {Evidence-Based Software Engineering},
  booktitle =	 {ICSE '04: Proceedings of the 26th International
                  Conference on Software Engineering},
  year =	 2004,
  isbn =	 {0-7695-2163-0},
  pages =	 {273--281},
  publisher =	 {IEEE Computer Society},
  address =	 {Washington, DC, USA},
}


@article{Fayyad96,
  author =	 {Usama Fayyad, Gregory Piatetsky-Shapiro, and
                  Padhraic Smyth},
  title =	 {From Data Mining to Knowledge Discovery in
                  Databases},
  journal =	 {AI Magazine},
  month =	 {Fall},
  year =	 1996,
  pages =	 {37-54}
}



@inproceedings{me11e,
  author =	 {Menzies, Tim and Bird, Christian and Zimmermann,
                  Thomas and Schulte, Wolfram and Kocaganeli, Ekrem},
  title =	 {The inductive software engineering manifesto:
                  principles for industrial data mining},
  booktitle =	 {Proceedings of the International Workshop on Machine
                  Learning Technologies in Software Engineering},
  class =	 "hW",
  series =	 {MALETS '11},
  year =	 2011,
  location =	 {Lawrence, Kansas},
  pages =	 {19--26},
  numpages =	 8,
  publisher =	 {ACM},
  address =	 {New York, NY, USA},
  keywords =	 {inductive engineering, industry},
}


@inproceedings{shull02a,
  author =	 {Shull, Forrest and Basili, Victor and Carver,
                  Jeffrey and Maldonado, Jos\'{e} C. and Travassos,
                  Guilherme Horta and Mendon\c{c}a, Manoel and Fabbri,
                  Sandra},
  title =	 {Replicating Software Engineering Experiments:
                  Addressing the Tacit Knowledge Problem},
  booktitle =	 {ISESE '02: Proceedings of the 2002 International
                  Symposium on Empirical Software Engineering},
  year =	 2002,
  isbn =	 {0-7695-1796-X},
  pages =	 7,
  publisher =	 {IEEE Computer Society},
  address =	 {Washington, DC, USA},
}
@article{betten14,
year={2014},
issn={1382-3256},
journal={Empirical Software Engineering},
doi={10.1007/s10664-013-9292-6},
title={Towards improving statistical modeling of software engineering data: think locally, act globally!},
url={http://dx.doi.org/10.1007/s10664-013-9292-6},
publisher={Springer US},
keywords={Software metrics; Statistical modeling; Clustering},
author={Bettenburg, Nicolas and Nagappan, Meiyappan and Hassan, Ahmed E.},
pages={1-42},
language={English}
}


@misc{budgen06,
  author =	 "D. Budgen",
  year =	 2006,
  note =	 "Keynote address, CSEET'06",
}
 

@inproceedings{yang11,
  author =	 {Ye Yang and Lang Xie and Zhimin He and Qi Li and Vu
                  Nguyen and Barry W. Boehm and Ricardo Valerdi},
  title =	 {Local bias and its impacts on the performance of
                  parametric estimation models},
  booktitle =	 {PROMISE},
  year =	 2011,
}

@article{yang13,
  author =	 {Ye Yang and Zhimin He and Ke Mao and Qi Li and Vu
                  Nguyen and Barry W. Boehm and Ricardo Valerdi},
  title =	 {Analyzing and handling local bias for calibrating
                  parametric cost estimation models},
  journal =	 {Information {\&} Software Technology},
  volume =	 55,
  number =	 8,
  year =	 2013,
  pages =	 {1496-1511},
  ee =		 {http://dx.doi.org/10.1016/j.infsof.2013.03.002},
  bibsource =	 {DBLP, http://dblp.uni-trier.de}
}


@article{minku13,
  author    = {Leandro L. Minku and
               Xin Yao},
  title     = {Ensembles and locality: Insight on improving software effort
               estimation},
  journal   = {Information {\&} Software Technology},
  volume    = {55},
  number    = {8},
  year      = {2013},
  pages     = {1512-1528},
}

@article{me12d,
  author    = {Tim Menzies and
               Andrew Butcher and
               David R. Cok and
               Andrian Marcus and
               Lucas Layman and
               Forrest Shull and
               Burak Turhan and
               Thomas Zimmermann},
  title     = {Local versus Global Lessons for Defect Prediction and Effort
               Estimation},
  journal   = {IEEE Trans. Software Eng.},
  volume    = {39},
  number    = {6},
  year      = {2013},
  pages     = {822-834},
 class =	 "hJ",
  note =	 "Available from
                  \url{http://menzies.us/pdf/12localb.pdf}",

}


@inproceedings{me11m,
  title =	 "Local vs Global Models for Effort Estimation and
                  Defect Prediction",
  author =	 "Menzies, Tim and Butcher, Andrew and Marcus, Andrian
                  and Zimmermann, Thomas and Cok, David",
  year =	 2011,
  booktitle =	 "IEEE ASE'11",
  class =	 "hC",
  note =	 "Available from
                  \url{http://menzies.us/pdf/11ase.pdf}"
}
@INPROCEEDINGS{frank03,
  author =	 {Eibe Frank and Mark Hall and Bernhard Pfahringer},
  title =	 {Locally weighted naive Bayes},
  booktitle =	 {Proceedings of the Conference on Uncertainty in
                  Artificial Intelligence},
  year =	 2003,
  pages =	 {249--256},
  publisher =	 {Morgan Kaufmann}
}


@inproceedings{betta12,
  title =	 "Think Locally, Act Globally: Improving Defect and
                  Effort Prediction Models",
  author =	 "Nicolas Bettenburg and Meiyappan Nagappan and Ahmed
                  E. Hassan",
  booktitle =	 "MSR'12",
  year =	 2012
}

@article{shepperd12,
  author    = {Martin J. Shepperd and
               Qinbao Song and
               Zhongbin Sun and
               Carolyn Mair},
  title     = {Data Quality: Some Comments 
               on the NASA Software Defect
               Datasets},
  journal   = {IEEE Trans. Software Eng.},
  volume    = {39},
  number    = {9},
  year      = {2013},
  pages     = {1208-1215},
  ee        = {http://doi.ieeecomputersociety.org/10.1109/TSE.2013.11},
  bibsource = {DBLP, http://dblp.uni-trier.de}
}


@misc{aschwanden10,
  author="Christie Aschwanden",
  year=2010,
  title = {{Convincing the Public to Accept New Medical Guidelines}},
  howpublished = {\url{http://goo.gl/RT6SK7}},
  note = {FiveThiryEight.com. Accessed: 2015-02-10}
}

 

@incollection{fenton00,
  author =	 "Norman E. Fenton and Martin Neil",
  title =	 "Software Metrics: A Roadmap",
  booktitle =	 " Software metrics: A roadmap",
  editor =	 "Anthony Finkelstein",
  publisher =	 "ACM Press, New York",
  year =	 2000,
  note =	 "Available from
                  \url{http://citeseer.nj.nec.com/fenton00software.html}"
}

@article{fenton00b,
  author =	 "Norman E. Fenton and Niclas Ohlsson",
  title =	 "Quantitative Analysis of Faults and Failures in a
                  Complex Software System",
  journal =	 "IEEE Transactions on Software Engineering",
  pages =	 "797-814",
  month =	 "August",
  year =	 2000
}

@misc{avram14,
author="Abel Avram",
title="IDC Study: How Many Software Developers Are Out There?",
year=2014,
howpublished={\url{infoq.com/news/2014/01/IDC-software-developers}}
}
@misc{pettey14,
 author="Gartner Inc.",
 title={{Gartner Says Worldwide Software Market Grew 4.8 Percent in 2013}},
 howpublished={\url{gartner.com/newsroom/id/2696317}},
 year=2014
 }

@misc{aschwanden15,
  author="Christie Aschwanden",
  year=2015,
  title = {{Your Brain Is Primed To Reach False Conclusionss}},
  howpublished = {\url{http://goo.gl/OO3B7s}},
  note = {FiveThirtyEight.com. Accessed: 2015-02-10}
}

 
@article{dunsmore88,
  title =	 "Evidence Supports some Truisms, Belies Others. (Some
                  Empirical Results concerning Software Development)",
  journal =	 "IEEE Software",
  author =	 "Hubert E. Dunsmore",
  month =	 "May",
  year =	 1988,
  pages =	 "96-99"
}

@article{prasad13,
title = "A Decade of Reversal: An Analysis of 146 Contradicted Medical Practices ",
journal = "Mayo Clinic Proceedings ",
volume = "88",
number = "8",
pages = "790 - 798",
year = "2013",
note = "",
issn = "0025-6196",
doi = "http://dx.doi.org/10.1016/j.mayocp.2013.05.012",
url = "http://www.sciencedirect.com/science/article/pii/S0025619613004059",
author = "Vinay Prasad and Andrae Vandross and Caitlin Toomey and Michael Cheung and Jason Rho and Steven Quinn and Satish Jacob Chacko and Durga Borkar and Victor Gall and Senthil Selvaraj and Nancy Ho and Adam Cifu"
}


@inproceedings{passos11,
  title =	 "Analyzing the Impact of Beliefs in Software Project
                  Practices",
  author =	 "Carol Passos and Ana Paula Braun and Daniela
                  S. Cruzes and Manoel Mendonca",
  year =	 2011,
  booktitle =	 "ESEM'11"
}




@BOOK{fenton97,
  AUTHOR =	 "Norman E. Fenton and Shari L. Pfleeger",
  TITLE =	 {Software Metrics: A Rigorous \& Practical Approach},
  PUBLISHER =	 {International Thompson Press},
  YEAR =	 1997
}

@InProceedings{me00v,
  author =	 {Tim Menzies},
  editor =	 {S.K. Chang},
  booktitle =	 {Handbook of Software Engineering and Knowledge
                  Engineering, Volume II},
  title =	 {Evaluation Issues for Visual Programming Languages},
  publisher =	 {World-Scientific},
  isbn =	 "981-02-4974-8",
  year =	 2002,
  note =	 "Available from \url{http://menzies.us/pdf/00vp.pdf}",
  class =	 "i k n r hB"
}


@ARTICLE{hatton98,
  author =	 "Les Hatton",
  title =	 "Does OO Sync with How We Think?",
  journal =	 "IEEE Software",
  year =	 1998,
  pages =	 "46-54",
  month =	 "May/June"
}


@BOOK{Meyer1988,
  AUTHOR =	 {Betrand Meyer},
  TITLE =	 {Object-oriented Software Construction},
  PUBLISHER =	 {Prentice-Hall,Hemel Hemstead},
  YEAR =	 1988,
}

@book{psp05,
 author = {Humphrey, Watts},
 title = {Psp(Sm): A Self-improvement Process for Software Engineers},
 year = {2005},
 isbn = {9780321579300},
 edition = {First},
 publisher = {Addison-Wesley Professional},
} 

@article{paulk93,
  author =	 "M.C. Paulk and B. Curtis and M.B. Chrissis and
                  C.V. Weber",
  title =	 "Capability Maturity Model, Version 1.1",
  journal =	 "IEEE Software",
  volume =	 10,
  number =	 4,
  month =	 "July",
  year =	 1993,
  pages =	 "18-27",
  note =	 "Available from
                  \url{ftp://ftp.sei.cmu.edu/pub/cmm/Misc/cmm.pdf}."
}

@article{boehmturner03,
  title =	 "Using risk to balance agile and plan-driven methods",
  author =	 "B. Boehm and R. Turner",
  journal =	 "IEEE Computer",
  volume =	 36,
  number =	 6,
  month =	 "June",
  year =	 2003,
  pages =	 "57 - 66"
}

@book{tsp00,
 author = {Humphrey, Watts S.},
 title = {Introduction to the Team Software Process},
 year = {2000},
 isbn = {0-201-47719-X},
 publisher = {Addison-Wesley Longman Ltd.},
 address = {Essex, UK, UK},
} 


}@ARTICLE {Jones11,
    author  = "Capers Jones",
    title   = "Software Quality and Software Costs",
    journal = "Software Quality Professional",
    year    = "2011",
    volume  = "13",
    number  = "3",
    pages   = "24-30",
    month   = "jun"
}

@inproceedings{port08,
  author =	 "D. Port and A. Olkov and Tim Menzies ",
  title =	 "Using Simulation to Investigate Requirements
                  Prioritization Strategies",
  year =	 2008,
  booktitle =	 "IEEE ASE'08",
  note =	 "Available from
                  \url{http://menzies.us/pdf/08simrequire.pdf}",
  class =	 "hC"
}
@inproceedings{me09j,
  title =	 "Applications of Simulation and AI Search: Assessing
                  the Relative Merits of Agile vs Traditional Software
                  Development ",
  author =	 "B. Lemon and A. Riesbeck and Tim Menzies and
                  J. Price and J D'Alessandro and R. Carlsson and
                  T. Prifiti and F. Peters and H. Lu and D. Port",
  booktitle =	 "IEEE ASE'09",
  year =	 2009,
  note =	 "Available from
                  \url{http://menzies.us/pdf/09pom2.pdf}",
  class =	 "hC"
}


@book{beck00,
  title =	 "Extreme Programming Explained: Embrace Change",
  author =	 "Kent Beck",
  publisher =	 "Addison Wesley",
  year =	 2000,
  isbn =	 " 0-201-61641-6"
}

@TECHREPORT {Jones13a,
    author      = "Capers Jones",
    title       = "Software Defect Origins and Removal Methods",
    institution = "Namcook Analytics LLC",
    year        = "2013",
    type        = "Technical Report",
    address     = "http://namcookanalytics.com/software-defect-origins-and-removal-methods/",
    month       = "jul"
}

@TECHREPORT {Jones13b,
    author      = "Capers Jones",
    title       = {"Why \"Cost Per Defect\" Is Harmful for Software Quality"},
    institution = "Namcook Analytics LLC",
    year        = "2013",
    type        = "Technical Report",
    address     = "http://namcookanalytics.com/why-cost-per-defect-is-harmful-for-software-quality/",
    month       = "jul"
}

@article{boehm88,
 author = {Boehm, B. W. and Papaccio, P. N.},
 title = {Understanding and Controlling Software Costs},
 journal = {IEEE Trans. Softw. Eng.},
 issue_date = {October 1988},
 volume = {14},
 number = {10},
 month = oct,
 year = {1988},
 issn = {0098-5589},
 pages = {1462--1477},
 numpages = {16},
 url = {http://dx.doi.org/10.1109/32.6191},
 doi = {10.1109/32.6191},
 acmid = {53072},
 publisher = {IEEE Press},
 address = {Piscataway, NJ, USA},
 keywords = {DP management, black-box, cost distribution, end-user system objectives, glass-box, influence-function, integrated software productivity, quality improvement, software budgets, software costs, software engineering, software productivity, software productivity opportunity tree, value chain},
} 


@ARTICLE {Boehm87,
    author  = "Barry Boehm",
    title   = "Industrial software metrics top 10 list",
    journal = "IEEE Software",
    year    = "1987",
    volume  = "4",
    number  = "5",
    pages   = "84-85",
    month   = "sep"
}

@ARTICLE {Boehm76,
    author  = "Barry Boehm",
    title   = "Software Engineering",
    journal = "IEEE Transactions on Computers",
    year    = "1976",
    volume  = "C-25",
    number  = "12",
    pages   = "1226-1241",
    month   = "dec"
}

@article{clutterbuck09,
  title={A case study of SME web application development effectiveness via Agile methods},
  author={Clutterbuck, Peter and Rowlands, Terry and Seamons, Owen},
  journal={The Electronic Journal Information Systems Evaluation},
  volume={12},
  number={1},
  pages={13--26},
  year={2009}
}

@inproceedings{Stephenson76,
 author = {Stephenson, W. E.},
 title = {An Analysis of the Resources Used in the SAFEGUARD System Software Development},
 booktitle = {Proceedings of the 2Nd International Conference on Software Engineering},
 series = {ICSE '76},
 year = {1976},
 location = {San Francisco, California, USA},
 pages = {312--321},
 numpages = {10},
 url = {http://dl.acm.org/citation.cfm?id=800253.807693},
 acmid = {807693},
 publisher = {IEEE Computer Society Press},
 address = {Los Alamitos, CA, USA},
} 

@ARTICLE{Fagan76, 
author={Fagan, Michael E.}, 
journal={IBM Systems Journal}, 
title={Design and code inspections to reduce errors in program development}, 
year={1976}, 
month={}, 
volume={15}, 
number={3}, 
pages={182-211}, 
doi={10.1147/sj.153.0182}, 
ISSN={0018-8670},}

@inproceedings{prem16,
  title={Belief \& evidence in empirical software engineering},
  author={Devanbu, Prem and Zimmermann, Thomas and Bird, Christian},
  booktitle={Proceedings of the 38th International Conference on Software Engineering},
  pages={108--119},
  year={2016},
  organization={ACM}
}

@ARTICLE{Daly77, 
author={Daly, Edmund B.}, 
journal={Software Engineering, IEEE Transactions on}, 
title={Management of Software Development}, 
year={1977}, 
month={May}, 
volume={SE-3}, 
number={3}, 
pages={229-242}, 
keywords={Program methodologies, software design maintenance, software development estimates, software management.;Costs;Documentation;Hardware;Programming;Real time systems;Software design;Software development management;Software maintenance;Standards development;Statistics;Program methodologies, software design maintenance, software development estimates, software management.}, 
doi={10.1109/TSE.1977.231132}, 
ISSN={0098-5589},}

@inproceedings{Elssamadisy02,
 author = {Elssamadisy, Amr and Schalliol, Gregory},
 title = {Recognizing and Responding to "Bad Smells" in Extreme Programming},
 booktitle = {Proceedings of the 24th International Conference on Software Engineering},
 series = {ICSE '02},
 year = {2002},
 isbn = {1-58113-472-X},
 location = {Orlando, Florida},
 pages = {617--622},
 numpages = {6},
 url = {http://doi.acm.org/10.1145/581339.581418},
 doi = {10.1145/581339.581418},
 acmid = {581418},
 publisher = {ACM},
 address = {New York, NY, USA},
} 

@inproceedings{fraser03,
 author = {Fraser, Steven and Beck, Kent and Caputo, Bil and Mackinnon, Tim and Newkirk, James and Poole, Charlie},
 title = {Test Driven Development (TDD)},
 booktitle = {Proceedings of the 4th International Conference on Extreme Programming and Agile Processes in Software Engineering},
 series = {XP'03},
 year = {2003},
 isbn = {3-540-40215-2},
 location = {Genova, Italy},
 pages = {459--462},
 numpages = {4},
 url = {http://dl.acm.org/citation.cfm?id=1763875.1763973},
 acmid = {1763973},
 publisher = {Springer-Verlag},
 address = {Berlin, Heidelberg},
} 


@article{boehmturner03,
  title =	 "Using risk to balance agile and plan-driven methods",
  author =	 "B. Boehm and R. Turner",
  journal =	 "IEEE Computer",
  volume =	 36,
  number =	 6,
  month =	 "June",
  year =	 2003,
  pages =	 "57 - 66"
}

@article{boehm01,
  author =	 "Barry Boehm and Victor R. Basili",
  title =	 "Software Defect Reduction Top 10 list",
  journal =	 "IEEE Software",
  month =	 "January",
  pages =	 "135-137",
  year =	 2001
}

@INPROCEEDINGS{Shull02,
author={Shull, Forrest and Basili, Victor and Boehm, Barry and Brown, A. Winsor and Costa, Patricia and Lindvall, Mikael and Port, Dan and Rus, Ioana and Tesoriero, Roseanne and Zelkowitz, Marvin},
booktitle={Software Metrics, 2002. Proceedings. Eighth IEEE Symposium on},
title={What we have learned about fighting defects},
year={2002},
month={},
pages={249-258},
keywords={computer science education;software engineering;Center for Empiric Based Software Engineering;eWorkshops;electronic workshops;heuristics;software defect reduction;software development;software engineering education;Decision making;Electrical capacitance tomography;Feathers;Guidelines;Inspection;Programming;Software engineering;Testing},
doi={10.1109/METRIC.2002.1011343},
ISSN={1530-1435},}

@INPROCEEDINGS{Tudhal94, 
author={Tudahl, D. and Lindner, R.}, 
booktitle={Electro/94 International. Conference Proceedings. Combined Volumes.}, 
title={Software development at a Baldrige winner}, 
year={1994}, 
month={May}, 
pages={167-180}, 
keywords={software development management;software quality;user centred design;IBM Rochester development laboratory;Malcolm Baldrige National Quality Award;continuous complimentary relationship;development organization;process improvement;product quality;quality management techniques;software development;software products;team commitment;team empowerment;Laboratories;Programming;Quality awards;Quality management;Refining;Software quality}, 
doi={10.1109/ELECTR.1994.472708},}

@BOOK {Royce98,
    author    = "Walker Royce",
    title     = "Software Project Management: A Unified Framework",
    publisher = "Addison-Wesley",
    year      = "1998",
    address   = "Reading, MA"
}

@INPROCEEDINGS {Boehm80,
    author    = "Barry Boehm",
    title     = "Developing small-scale application software products: Some experimental results",
    booktitle = "Proceedings of the IFIP Congress",
    year      = "1980",
    pages     = "321-326"
}

@BOOK {Boehm81,
    author    = "Barry Boehm",
    title     = "Software Engineering Economics",
    publisher = "Prentice Hall",
    year      = "1981",
    address   = "Englewood Cliffs, NJ"
}

@INCOLLECTION {Boehm10,
    author    = "Barry Boehm",
    title     = "Architecting: How Much and When?",
    booktitle = "Making Software: What Really Works, and Why We Believe It",
    publisher = "O'Reilly Media",
    year      = "2010",
    editor    = "Andy Oram and Greg Wilson",
    pages     = "141-186"
}

@BOOK {glass02,
    author    = "Robert L. Glass",
    title     = "Facts and Fallacies of Software Engineering",
    publisher = "Addison-Wesley Professional",
    year      = "2002",
    address   = "Boston, MA"
}

@article{reifer2007profiles,
  title={Profiles of level 5 CMMI organizations},
  author={Reifer, Donald J},
  journal={Crosstalk: The Journal of Defense Software Engineering},
  pages={24--28},
  year={2007}
}

@article{westland2002cost,
  title={The cost of errors in software development: evidence from industry},
  author={Westland, J Christopher},
  journal={Journal of Systems and Software},
  volume={62},
  number={1},
  pages={1--9},
  year={2002}
}

@article{mcconnell01,
 author = {McConnell, Steve},
 title = {An Ounce of Prevention},
 journal = {IEEE Softw.},
 issue_date = {May 2001},
 volume = {18},
 number = {3},
 month = may,
 year = {2001},
 issn = {0740-7459},
 pages = {5--7},
 numpages = {3},
 url = {http://dx.doi.org/10.1109/MS.2001.922718},
 doi = {10.1109/MS.2001.922718},
 acmid = {626261},
 publisher = {IEEE Computer Society Press},
 address = {Los Alamitos, CA, USA},
} 

@Book{jones00,
  Author =	 "Capers Jones",
  Title =	 "Software Assessments, Benchmarks, and Best Practices",
  Publisher =	 "Addison-Wesley",
  Year =	 2000,
  Address = "Boston, MA"
}

@Book{jones08,
  Author =	 "Capers Jones",
  Title =	 "Applied Software Measurement: Global Analysis of Productivity and Quality",
  Publisher =	 "McGraw-Hill",
  Edition = "third",
  Year =	 2008,
  Address = "New York, NY"
}
@Book{jones10,
  Author =	 "Capers Jones",
  Title =	 "Software Engineering Best Practices",
  Publisher =	 "McGraw Hill",
  Edition = "first",
  Year =	 2010,
  Address = "Boston, MA"
}

@article{runeson09,
year={2009},
issn={1382-3256},
journal={Empirical Software Engineering},
volume={14},
number={2},
doi={10.1007/s10664-008-9102-8},
title={Guidelines for conducting and reporting case study research in software engineering},
url={http://dx.doi.org/10.1007/s10664-008-9102-8},
publisher={Springer US},
keywords={Case study; Research methodology; Checklists; Guidelines},
author={Runeson, Per and H\"{o}st, Martin},
pages={131-164},
language={English}
}

@book{jones12,
  title =	 "The Economics of Software Quality",
  author =	 "Capers Jones and Olivier Bonsignour",
  publisher =	 "Addison Wesley",
  year =	 2012
}


@INCOLLECTION {Sjoberg08,
    author    = "Sj{\o}berg, Dag I.K. and Dyb{\aa}, Tore and Anda, Bente C.D and Hannay, Jo E.",
    title     = "Building Theories in Software Engineering",
    booktitle = "Guide to Advanced Empirical Software Engineering",
    publisher = "Springer-Verlag",
    year      = "2008",
    editor    = "Forrest Shull and Janice Singer and Dag I.K. Sj{\o}berg",
    pages     = "312-336"
}

@INCOLLECTION {Shull08,
    author    = "Forrest Shull and Raimund Feldmann",
    title     = "Building Theories from Multiple Evidence Sources",
    booktitle = "Guide to Advanced Empirical Software Engineering",
    publisher = "Springer-Verlag",
    year      = "2008",
    editor    = "Forrest Shull and Janice Singer and Dag I.K. Sjoberg",
    pages     = "337-364"
}

@article{Stol15,
 author = {Klaas-Jan Stol and Brian Fitzgerald},
 title = {Theory-Oriented Software Engineering},
 journal = {Science of Computer Programming},
 volume = {101},
 year = {2015},
 pages = {79--98},
 doi = {10.1016/j.scico.2014.11.010}
} 

@article{Paivarinta15,
 author = {Tero Paivarinta and Kari Smolander},
 title = {Theorizing about Software Development Practices},
 journal = {Science of Computer Programming},
 volume = {101},
 year = {2015},
 pages = {124--135},
 doi = {10.1016/j.scico.2014.11.012}
} 

@TECHREPORT{Lapham11,
 author = {Mary Ann Lapham and Suzanne Garcia-Miller and Lorraine Nemeth-Adams and Nanette Brown and Bart L. Hackemack and 
Charles (Bud) Hammons and Linda Levine and Alfred R. Schenker},
 title = {Agile Methods: Selected DoD Management and Acquisition Concerns},
  institution = {Carnegie Mellon University - Software Engineering Institute},
  year={2011}
}

@book{Popper,
  title =	 "The Logic of Scientific Discovery",
  author =	 "Karl Popper",
  publisher =	 "Basic Books",
  year =	 1959,
  Address = "New York, NY"
}
